@MISC{itgrowing,
    title = "Gartner Says 6.4 Billion Connected Things Will Be in Use in 2016, Up 30 Percent From 2015 {[online]}",
    organization = "Gartner",
    url = "http://www.gartner.com/newsroom/id/3165317",
    note = "[cit. 2016-02-07]",
    key = "gartner"
}

@MISC{movingaverages,
    title = "Moving Averages - Simple and Exponential {[online]}",
    organization = "StockCharts",
    url = "http://stockcharts.com/school/doku.php?id=chart_school:technical_indicators:moving_averages",
    note = "[cit. 2016-02-07]",
    key = "moving averages"
}

@MISC{cybercrime,
    title = "Cybercrime {[online]}",
    organization = "Interpol",
    url = "http://www.interpol.int/Crime-areas/Cybercrime/Cybercrime",
    note = "[cit. 2016-02-07]",
    key = "cybercrime"
}

@MISC{signatures,
    title = "Network Intrusion Detection Signatures {[online]}",
    organization = "Symantec",
    url = "http://www.symantec.com/connect/articles/network-intrusion-detection-signatures-part-one",
    note = "[cit. 2016-02-07]",
    key = "signatures"
}

@MISC{zeroday,
    title = "What is Zero Day Exploit? {[online]}",
    organization = "Kaspersky",
    url = "http://www.kaspersky.com/internet-security-center/definitions/zero-day-exploit",
    note = "[cit. 2016-02-07]",
    key = "zero day"
}

@MISC{behavioralanalysis,
    title = "Detekce anomálií a analýza chování sítě {[online]}",
    organization = "Flowmon",
    url = "https://www.flowmon.com/cs/solutions/use-case/network-behavior-analysis-anomaly-detection",
    note = "[cit. 2016-02-07]",
    key = "behavioral analysis"
}

@ARTICLE{structurechange,
	AUTHOR       = "Leto Peel and Aaron Clauset",
	TITLE        = "Detecting change points in the large-scale structure of evolving networks",
	JOURNAL      = "Department of Computer Science, University of Colorado, Boulder, CO 80309",
	YEAR         = "2014",
	MONTH        = "Nov",
}

@ARTICLE{flowanomaly,
	AUTHOR       = "Anna Sperotto, Gregor Schaffrath, Ramin Sadre, Cristian Morariu, Aiko Pras and Burkhard Stiller",
	TITLE        = "An Overview of IP Flow-Based Intrusion Detection",
	JOURNAL      = "IEEE COMMUNICATIONS SURVEYS AND TUTORIALS",
	YEAR         = "2010",
}

@MISC{cumulativestructurechange,
    title = "Detecting Change in Longitudinal Social Networks {[online]}",
    organization = "Carnegie Mellon University",
    url = "https://www.cmu.edu/joss/content/articles/volume12/McCullohCarley.pdf",
    note = "[cit. 2016-02-07]",
    key = "change social network"
}

@MISC{graphmodels,
    title = "Predikce vítěze sportovního utkání využitím PageRanku {[online]}",
    organization = "ZČU FAV",
    url = "https://otik.uk.zcu.cz/bitstream/handle/11025/13540/BP_\%20sudap_A11B0612P.pdf",
    note = "Bakalářská práce",
    key = "network graph models"
}

@ARTICLE{kronecker,
	AUTHOR       = "C. SESHADHRI, ALI PINAR, and TAMARA G. KOLDA",
	TITLE        = "An In-Depth Analysis of Stochastic Kronecker Graphs",
	JOURNAL      = "Sandia National Laboratories",
	YEAR         = "2013",
}

@MISC{ipfix,
    title = "Requirements for IP Flow Information Export (IPFIX) {[online]}",
    organization = "Swinburne University",
    url = "https://tools.ietf.org/html/rfc3917",
    note = "RFC",
    key = "ipfix ietf",
}

@MISC{rtp,
    title = "RTP: A Transport Protocol for Real-Time Applications {[online]}",
    organization = "Columbia University",
    url = "https://tools.ietf.org/html/rfc3550",
    key = "rtp",
}

@ARTICLE{anomaly,
	AUTHOR       = "Monowar H. Bhuyan, D. K. Bhattacharyya, and J. K. Kalita",
	TITLE        = "Network Anomaly Detection: Methods, Systems and Tools",
	JOURNAL      = "IEEE COMMUNICATIONS SURVEYS AND TUTORIALS",
	YEAR         = "2014",
}

@MISC{networkhierarchy,
    title = "The Hierarchy of Cyber Needs {[online]}",
    organization = "Microsoft",
    url = "https://blogs.technet.microsoft.com/askpfeplat/2016/01/25/the-hierarchy-of-cyber-needs/",
    key = "image it security",
}

@MISC{flowtechnology,
    title = "sFlow and Netflow {[online]}",
    organization = "sFlow",
    url = "http://blog.sflow.com/2009/05/sflow-and-netflow.html",
    note = "[cit. 2016-02-07]",
    key = "sflow netflow jflow ipfix"
}

@MISC{nemea,
    title = "Nemea {[online]}",
    organization = "Liberouter",
    url = "https://www.liberouter.org/technologies/nemea/",
    note = "[cit. 2016-02-07]",
    key = "liberouter nemea"
}

@MISC{netflow_arch,
    title = "Netflow architecture. Computer and Network Examples {[online]}",
    organization = "ConceptDraw",
    url = "http://www.conceptdraw.com/How-To-Guide/netflow-architecture",
    note = "[cit. 2016-02-07]",
    key = "netflow architecture"
}

@MISC{netflowvsipfix,
    title = "NetFlow vs. IPFIX{[online]}",
    url = "https://www.whatisipfix.com/",
    note = "[cit. 2016-02-07]",
    key = "netflow ipfix"
}

@MISC{anomalydetection,
    title = "Aberrant Behavior Detection in Time Series for Network Monitoring {[online]}",
    author  = "Jake D. Brutlag",
    url = "http://usenix.org/legacy/publications/library/proceedings/lisa2000/full_papers/brutlag/brutlag_html/index.html",
    note = "[cit. 2016-02-07]",
    key = "anomaly detection"
}

@MISC{exponentialsmoothing,
    title = "ANALÝZA EKONOMICKÝCH ČASOVÝCH ŘAD S PŘÍKLADY {[online]}",
    url = "http://nb.vse.cz/~arltova/vyuka/crsbir02.pdf",
    note = "[cit. 2016-02-07]",
    key = "statistical exponenetial smoothing analysis"
}

@MISC{confidenceinterval,
    title = "ANALÝZA EKONOMICKÝCH ČASOVÝCH ŘAD S PŘÍKLADY {[online]}",
    author  = "Jiri Limpouch",
    url = "http://www-troja.fjfi.cvut.cz/~limpouch/sigdat/statodn/node12.html",
    note = "[cit. 2016-02-07]",
    key = "confidence interval"
}

@MISC{hypothesistesting,
    title = "Testování statistických hypotéz {[online]}",
    author  = "Ing. Josef Bednář, Ph.D.",
    url = "http://mathonline.fme.vutbr.cz/download.aspx?id_file=479",
    note = "[cit. 2016-02-07]",
    key = "hypothesis"
}

@MISC{netflowdescribe,
    title = "Network Monitoring Based on IP Data Flows {[online]}",
    author  = "Martin Žádník",
    url = "http://services.geant.net/cbp/Knowledge_Base/Network_Monitoring/Documents/gn3-na3-t4-cbpd131.pdf",
    note = "[cit. 2016-03-05]",
    key = "netflow"
}

@MISC{ietfnetflow,
    title = "Cisco Systems NetFlow Services Export Version 9{[online]}",
    author  = "Network Working Group",
    url = "https://www.ietf.org/rfc/rfc3954.txt",
    note = "[cit. 2016-03-05]",
    key = "netflow ietf"
}